<?xml version="1.0" encoding="UTF-8"?><record xmlns="http://www.loc.gov/MARC21/slim" xmlns:cinclude="http://apache.org/cocoon/include/1.0" xmlns:zs="http://www.loc.gov/zing/srw/">
  <leader>00541cz  a2200133n  4500</leader>
  <controlfield tag="001">no2012000058</controlfield>
  <controlfield tag="003">DLC</controlfield>
  <controlfield tag="005">20120119183147.0</controlfield>
  <controlfield tag="008">120103n| acannaabn          |n aaa     c</controlfield>
  <datafield tag="010" ind1=" " ind2=" ">
    <subfield code="a">no2012000058</subfield>
  </datafield>
  <datafield tag="035" ind1=" " ind2=" ">
    <subfield code="a">(OCoLC)oca09075356</subfield>
  </datafield>
  <datafield tag="040" ind1=" " ind2=" ">
    <subfield code="a">PPi-MA</subfield>
    <subfield code="b">eng</subfield>
    <subfield code="c">PPi-MA</subfield>
    <subfield code="d">OOC</subfield>
  </datafield>
  <datafield tag="100" ind1="1" ind2=" ">
    <subfield code="a">Reich, Steve,</subfield>
    <subfield code="d">1936-</subfield>
    <subfield code="t">WTC 9/11</subfield>
  </datafield>
  <datafield tag="670" ind1=" " ind2=" ">
    <subfield code="a">Reich, S. WTC 9/11 [SR] p2011:</subfield>
    <subfield code="b">insert (WTC 9/11 : for string quartet and prerecorded tape, 2010; for 3 string quartets, one live and 2 prerecorded (can also be played by 3 live quartets), with prerecorded voices from 9/11)</subfield>
  </datafield>
</record>